<?xml version="1.0" encoding="UTF-8"?><collection xmlns="http://www.loc.gov/MARC21/slim"><record><leader>00467nam--2200145-i-4500</leader><controlfield tag="001">000001379</controlfield><controlfield tag="002">20161230</controlfield><controlfield tag="005">20161230201024</controlfield><controlfield tag="008">060222s1000------------r-----000-0-eng-d</controlfield><datafield ind1=" " ind2=" " tag="080"><subfield code="a">517.958</subfield></datafield><datafield ind1=" " ind2=" " tag="100"><subfield code="a">Gliner, E.B., Koshlyakov,N.S., Smirnov,M.M</subfield></datafield><datafield ind1=" " ind2=" " tag="245"><subfield code="a">Differential equations of mathematical physics.translated editor herbert j.eagle</subfield></datafield><datafield ind1=" " ind2=" " tag="260"><subfield code="a">Amsterdam, North-holland Publishing Company, 1964. Xvi + 701p</subfield></datafield><datafield ind1=" " ind2=" " tag="852"><subfield code="a">76695</subfield></datafield><datafield ind1=" " ind2=" " tag="CAT"><subfield code="a">Sys</subfield><subfield code="c">20090528</subfield><subfield code="h">065259</subfield></datafield></record></collection>